@article{scikit-learn,
  title={Scikit-learn: Machine Learning in {P}ython},
  author={Pedregosa, F. and Varoquaux, G. and Gramfort, A. and Michel, V.
          and Thirion, B. and Grisel, O. and Blondel, M. and Prettenhofer, P.
          and Weiss, R. and Dubourg, V. and Vanderplas, J. and Passos, A. and
          Cournapeau, D. and Brucher, M. and Perrot, M. and Duchesnay, E.},
  journal={Journal of Machine Learning Research},
  volume={12},
  pages={2825--2830},
  year={2011},
  url = {https://scikit-learn.org/stable/}
}

@article{imblearn,
author  = {Guillaume  Lema{{\^i}}tre and Fernando Nogueira and Christos K. Aridas},
title   = {Imbalanced-learn: A Python Toolbox to Tackle the Curse of Imbalanced Datasets in Machine Learning},
journal = {Journal of Machine Learning Research},
year    = {2017},
volume  = {18},
number  = {17},
pages   = {1-5},
url     = {http://jmlr.org/papers/v18/16-365.html}
}

@article{DBLP:journals/corr/abs-1106-1813,
  author       = {Kevin W. Bowyer and
                  Nitesh V. Chawla and
                  Lawrence O. Hall and
                  W. Philip Kegelmeyer},
  title        = {{SMOTE:} Synthetic Minority Over-sampling Technique},
  journal      = {CoRR},
  volume       = {abs/1106.1813},
  year         = {2011},
  url          = {http://arxiv.org/abs/1106.1813},
  eprinttype    = {arXiv},
  eprint       = {1106.1813},
  timestamp    = {Mon, 13 Aug 2018 16:46:59 +0200},
  biburl       = {https://dblp.org/rec/journals/corr/abs-1106-1813.bib},
  bibsource    = {dblp computer science bibliography, https://dblp.org}
}

@misc{playground-series-s3e17,
    author = {Walter Reade, Ashley Chow},
    title = {Binary Classification of Machine Failures},
    publisher = {Kaggle},
    year = {2023},
    url = {https://kaggle.com/competitions/playground-series-s3e17}
}

